@Inproceedings{introduction_to_datamining,
	author={Tan, Pang-Ning and Steinbach, Michael and Kumar, Vipin},
	title = "{Introduction to Data Mining}",
	year = {2006},
	booktitle = {Introduction to Data Mining},
	pages = {145--146}
}

@Misc{text_classification,
	author = {Jurafsky, Dan and Manning, Christopher},
	title  ="{What is Text Classification?}",
	howpublished = {\url{https://class.coursera.org/nlp/lecture}},
	note = "[Online; acessado em 20 de setembro de 2015]"
}

@Misc{practical_issues,
	author = {Jurafsky, Dan and Manning, Christopher},
	title  ="{Practical Issues in Text Classification}",
	howpublished = {\url{https://class.coursera.org/nlp/lecture}},
	note = "[Online; acessado em 22 de setembro de 2015]"
}

@Misc{quora_classifier,
	author = {Chen, Edwin},
	title  ="{What are the advantages of different classification algorithms?}",
	howpublished = {\url{https://www.quora.com/What-are-the-advantages-of-different-classification-algorithms}},
	note = "[Online; acessado em 08 de novembro de 2015]"
}

@Misc{introduction_to_graphical_models,
	author = {Murphyk, P. Kevin},
	title  ="{A Brief Introduction to Graphical Models and
	Bayesian Networks}",
	year=1998,
	howpublished = {\url{http://www.cs.berkeley.edu/~murphyk/Bayes/bayes.html}},
	note = "[Online; acessado em 04 de novembro de 2015]"
}

@Misc{probabilistic_graphical_models,
	author = {Koller, Daphne},
	title  ="{Bayesian Network Fundamentals - Semantics And Factorization}",
	howpublished = {\url{https://class.coursera.org/pgm/lecture}},
	note = "[Online; acessado em 10 de outubro de 2015]"
}

@inproceedings{inference_bayesian_networks,
	author = {Cooper, G. F.},
	booktitle = {The computational complexity of probabilistic inference using Bayesian belief networks},
	year = 1990
	pages = {393--405}
}

@inproceedings{weighted_naive_bayes,
	title = "{Calculating Feature Weights in Naive Bayes with Kullback-Leibler Measure}",
	author = {Lee, Chang-Hwan and Gutierrez, Fernando and Dou, Dejing},
	booktitle={Data Mining (ICDM), 2011 IEEE International Conference on Data Mining},
	pages={1146--1151},
	year = {2011},
	organization={IEEE}
}

@article{sokolova2009systematic,
	title={A systematic analysis of performance measures for classification tasks},
	author={Sokolova, Marina and Lapalme, Guy},
	journal={Information Processing \& Management},
	volume={45},
	number={4},
	pages={427--437},
	year={2009},
	publisher={Elsevier}
}

@misc{bollano2007method,
	title={Method and system to improve automated emotional recognition},
	author={Bollano, Gianmario and Ettorre, Donato and Esiliato, Antonio},
	year={2007},
	month=jan # "~31",
	publisher={Google Patents},
	note={US Patent App. 12/449,298}
}

@article{caballero2010sensitivity,
	title={Sensitivity versus accuracy in multiclass problems using memetic pareto evolutionary neural networks},
	author={Caballero, Juan Carlos Fern{\'a}ndez and Mart{\'\i}nez, Francisco Jos{\'e} and Herv{\'a}s, C{\'e}sar and Guti{\'e}rrez, Pedro Antonio},
	journal={Neural Networks, IEEE Transactions on},
	volume={21},
	number={5},
	pages={750--770},
	year={2010},
	publisher={IEEE}
}

@misc{kappa_statistic,
	title={Kappa Statistic in Plain English},
	author={rbx},
	year={2013},
	howpublished = {\url{http://stats.stackexchange.com/questions/82162/kappa-statistic-in-plain-english}},
	note = "[Online; acessado em 10 de novembro de 2015]"
}

@article{viera2005understanding,
	title={Understanding interobserver agreement: the kappa statistic},
	author={Viera, Anthony J and Garrett, Joanne M and others},
	journal={Fam Med},
	volume={37},
	number={5},
	pages={360--363},
	year={2005}
}

@misc{chrome_extension,
	title={Chrome Extensions - Overview},
	author={Google},
	howpublished = {\url{https://developer.chrome.com/extensions/overview}},
	note = "[Online; acessado em 11 de novembro de 2015]"
}